@techreport{UTAreport,
author = {Robertson, Jaron and Callison, Eric and Taylor, Ryan},
title = {{Utah Transit Authority Microtransit Planning Project}},
url = {https://www.rideuta.com/-/media/Files/About-UTA/Reports/2021/UTA_Microtransit_Consulting_Report_Final.ashx?la=en},
year = {2020}
}

@misc{UTAonDemand,
author = {{Utah Transit Authority}},
title = {{UTA On Demand}},
url = {https://www.rideuta.com/Services/UTA-On-Demand},
urldate = {2021-10-01},
year = {2021}
}

@misc{beamdocs,
author = {{The BEAM Team}},
title = {{BEAM Documentation}},
url = {https://beam.readthedocs.io/en/latest/about.html},
urldate = {2021-11-11},
year = {2017}
}

@misc{UTAevalQ1,
author = {{UTA Innovative Mobility Solutions}},
title = {{Utah Transit Authority Quarterly Microtransit Pilot Project Evaluation (Q1)}},
url = {https://www.rideuta.com/-/media/Files/Services/Via/Final_UTA_microtransit_pilot_Q1_report.ashx?la=en},
urldate = {2021-11-30},
year = {2021}
}

@misc{UTAevalQ2,
author = {{UTA Innovative Mobility Solutions}},
title = {{Utah Transit Authority Quarterly Microtransit Pilot Project Evaluation (Q2)}},
url = {https://www.rideuta.com/-/media/Files/Services/Via/Final_UTA_Microtransit_Pilot_Q2_Report.ashx?la=en},
urldate = {2021-11-30},
year = {2021}
}

@misc{UTAevalQ3,
author = {{UTA Innovative Mobility Solutions}},
title = {{Utah Transit Authority Quarterly Microtransit Pilot Project Evaluation (Q3)}},
url = {https://www.rideuta.com/-/media/Files/Services/Via/Final_UTA_Microtransit_Pilot_Q3_Report.ashx?la=en},
urldate = {2021-11-30},
year = {2021}
}

@misc{UTAevalQ4,
author = {{UTA Innovative Mobility Solutions}},
title = {{Utah Transit Authority Quarterly Microtransit Pilot Project Evaluation (Q4)}},
url = {https://www.rideuta.com/-/media/Files/Services/Via/Final_UTA_Microtransit_Pilot_Q4_Report.ashx?la=en},
urldate = {2021-11-30},
year = {2021}
}

@misc{SLCSouth,
author = {{Utah Transit Authority}},
title = {{Southern Salt Lake County}},
url = {https://www.rideuta.com/Services/UTA-On-Demand/Southern-Salt-Lake-County},
urldate = {2021-12-03},
year = {2021}
}

@misc{Airport,
author = {{Utah Transit Authority}},
title = {{Salt Lake City Westside}},
url = {https://www.rideuta.com/Services/UTA-On-Demand/Salt-Lake-City-Westside},
urldate = {2021-12-03},
year = {2021}
}