@online{beamdocs,
author = {{The BEAM Team}},
title = {{BEAM Documentation}},
url = {https://beam.readthedocs.io/en/latest/about.html},
urldate = {2021-11-11},
year = {2017}
}

@online{BEAMlbnl,
author = {{Energy Technologies Area, Berkeley Lab}}
title = {{BEAM - the Modeling Framework for Behavior, Energy, Autonomy, and Mobility}},
url = {https://beam.lbl.gov},
urldate = {2021-4-4}
}
