@Manual{R-base,
  title = {R: A Language and Environment for Statistical Computing},
  author = {{R Core Team}},
  organization = {R Foundation for Statistical Computing},
  address = {Vienna, Austria},
  year = {2021},
  url = {https://www.R-project.org/},
}

@Manual{R-bookdown,
  title = {bookdown: Authoring Books and Technical Documents with R Markdown},
  author = {Yihui Xie},
  year = {2022},
  note = {R package version 0.29},
  url = {https://CRAN.R-project.org/package=bookdown},
}

@Manual{R-data.table,
  title = {data.table: Extension of `data.frame`},
  author = {Matt Dowle and Arun Srinivasan},
  year = {2021},
  note = {R package version 1.14.2},
  url = {https://CRAN.R-project.org/package=data.table},
}

@Manual{R-dplyr,
  title = {dplyr: A Grammar of Data Manipulation},
  author = {Hadley Wickham and Romain François and Lionel Henry and Kirill Müller},
  year = {2022},
  note = {R package version 1.0.9},
  url = {https://CRAN.R-project.org/package=dplyr},
}

@Manual{R-flowme,
  title = {flowme: Add boilerplate code to your project for some specific workflows},
  author = {Eduardo Alfonso-Sierra},
  year = {2022},
  note = {https://edalfon.github.io/flowme/},
}

@Manual{R-forcats,
  title = {forcats: Tools for Working with Categorical Variables (Factors)},
  author = {Hadley Wickham},
  year = {2022},
  note = {R package version 0.5.2},
  url = {https://CRAN.R-project.org/package=forcats},
}

@Manual{R-ggeasy,
  title = {ggeasy: Easy Access to ggplot2 Commands},
  author = {Jonathan Carroll and Alicia Schep and Jonathan Sidi},
  year = {2021},
  note = {R package version 0.1.3},
  url = {https://github.com/jonocarroll/ggeasy},
}

@Manual{R-ggplot2,
  title = {ggplot2: Create Elegant Data Visualisations Using the Grammar of Graphics},
  author = {Hadley Wickham and Winston Chang and Lionel Henry and Thomas Lin Pedersen and Kohske Takahashi and Claus Wilke and Kara Woo and Hiroaki Yutani and Dewey Dunnington},
  year = {2022},
  note = {R package version 3.3.6},
  url = {https://CRAN.R-project.org/package=ggplot2},
}

@Manual{R-ggspatial,
  title = {ggspatial: Spatial Data Framework for ggplot2},
  author = {Dewey Dunnington},
  year = {2022},
  note = {R package version 1.1.6},
  url = {https://CRAN.R-project.org/package=ggspatial},
}

@Manual{R-ggthemes,
  title = {ggthemes: Extra Themes, Scales and Geoms for ggplot2},
  author = {Jeffrey B. Arnold},
  year = {2021},
  note = {R package version 4.2.4},
  url = {https://github.com/jrnold/ggthemes},
}

@Manual{R-here,
  title = {here: A Simpler Way to Find Your Files},
  author = {Kirill Müller},
  year = {2020},
  note = {R package version 1.0.1},
  url = {https://CRAN.R-project.org/package=here},
}

@Manual{R-kableExtra,
  title = {kableExtra: Construct Complex Table with kable and Pipe Syntax},
  author = {Hao Zhu},
  year = {2021},
  note = {R package version 1.3.4},
  url = {https://CRAN.R-project.org/package=kableExtra},
}

@Manual{R-knitr,
  title = {knitr: A General-Purpose Package for Dynamic Report Generation in R},
  author = {Yihui Xie},
  year = {2022},
  note = {R package version 1.40},
  url = {https://yihui.org/knitr/},
}

@Manual{R-purrr,
  title = {purrr: Functional Programming Tools},
  author = {Lionel Henry and Hadley Wickham},
  year = {2020},
  note = {R package version 0.3.4},
  url = {https://CRAN.R-project.org/package=purrr},
}

@Manual{R-qs,
  title = {qs: Quick Serialization of R Objects},
  author = {Travers Ching},
  year = {2022},
  note = {R package version 0.25.4},
  url = {https://github.com/traversc/qs},
}

@Manual{R-R.methodsS3,
  title = {R.methodsS3: S3 Methods Simplified},
  author = {Henrik Bengtsson},
  year = {2022},
  note = {R package version 1.8.2},
  url = {https://github.com/HenrikBengtsson/R.methodsS3},
}

@Manual{R-R.oo,
  title = {R.oo: R Object-Oriented Programming with or without References},
  author = {Henrik Bengtsson},
  year = {2022},
  note = {R package version 1.25.0},
  url = {https://github.com/HenrikBengtsson/R.oo},
}

@Manual{R-R.utils,
  title = {R.utils: Various Programming Utilities},
  author = {Henrik Bengtsson},
  year = {2022},
  note = {R package version 2.12.0},
  url = {https://CRAN.R-project.org/package=R.utils},
}

@Manual{R-readr,
  title = {readr: Read Rectangular Text Data},
  author = {Hadley Wickham and Jim Hester and Jennifer Bryan},
  year = {2022},
  note = {R package version 2.1.2},
  url = {https://CRAN.R-project.org/package=readr},
}

@Manual{R-rmarkdown,
  title = {rmarkdown: Dynamic Documents for R},
  author = {JJ Allaire and Yihui Xie and Jonathan McPherson and Javier Luraschi and Kevin Ushey and Aron Atkins and Hadley Wickham and Joe Cheng and Winston Chang and Richard Iannone},
  year = {2022},
  note = {R package version 2.16},
  url = {https://CRAN.R-project.org/package=rmarkdown},
}

@Manual{R-sf,
  title = {sf: Simple Features for R},
  author = {Edzer Pebesma},
  year = {2022},
  note = {R package version 1.0-8},
  url = {https://CRAN.R-project.org/package=sf},
}

@Manual{R-stringr,
  title = {stringr: Simple, Consistent Wrappers for Common String Operations},
  author = {Hadley Wickham},
  year = {2022},
  note = {R package version 1.4.1},
  url = {https://CRAN.R-project.org/package=stringr},
}

@Manual{R-tarchetypes,
  title = {tarchetypes: Archetypes for Targets},
  author = {William Michael Landau},
  year = {2022},
  note = {R package version 0.7.0},
  url = {https://CRAN.R-project.org/package=tarchetypes},
}

@Manual{R-targets,
  title = {targets: Dynamic Function-Oriented Make-Like Declarative Workflows},
  author = {William Michael Landau},
  year = {2022},
  note = {R package version 0.13.1},
  url = {https://CRAN.R-project.org/package=targets},
}

@Manual{R-tibble,
  title = {tibble: Simple Data Frames},
  author = {Kirill Müller and Hadley Wickham},
  year = {2022},
  note = {R package version 3.1.8},
  url = {https://CRAN.R-project.org/package=tibble},
}

@Manual{R-tidyr,
  title = {tidyr: Tidy Messy Data},
  author = {Hadley Wickham and Maximilian Girlich},
  year = {2022},
  note = {R package version 1.2.0},
  url = {https://CRAN.R-project.org/package=tidyr},
}

@Manual{R-tidyverse,
  title = {tidyverse: Easily Install and Load the Tidyverse},
  author = {Hadley Wickham},
  year = {2022},
  note = {R package version 1.3.2},
  url = {https://CRAN.R-project.org/package=tidyverse},
}

@Manual{R-wesanderson,
  title = {wesanderson: A Wes Anderson Palette Generator},
  author = {Karthik Ram and Hadley Wickham},
  year = {2018},
  note = {R package version 0.3.6},
  url = {https://github.com/karthik/wesanderson},
}

@Book{bookdown2016,
  title = {bookdown: Authoring Books and Technical Documents with {R} Markdown},
  author = {Yihui Xie},
  publisher = {Chapman and Hall/CRC},
  address = {Boca Raton, Florida},
  year = {2016},
  note = {ISBN 978-1138700109},
  url = {https://bookdown.org/yihui/bookdown},
}

@Book{ggplot22016,
  author = {Hadley Wickham},
  title = {ggplot2: Elegant Graphics for Data Analysis},
  publisher = {Springer-Verlag New York},
  year = {2016},
  isbn = {978-3-319-24277-4},
  url = {https://ggplot2.tidyverse.org},
}

@Book{knitr2015,
  title = {Dynamic Documents with {R} and knitr},
  author = {Yihui Xie},
  publisher = {Chapman and Hall/CRC},
  address = {Boca Raton, Florida},
  year = {2015},
  edition = {2nd},
  note = {ISBN 978-1498716963},
  url = {https://yihui.org/knitr/},
}

@InCollection{knitr2014,
  booktitle = {Implementing Reproducible Computational Research},
  editor = {Victoria Stodden and Friedrich Leisch and Roger D. Peng},
  title = {knitr: A Comprehensive Tool for Reproducible Research in {R}},
  author = {Yihui Xie},
  publisher = {Chapman and Hall/CRC},
  year = {2014},
  note = {ISBN 978-1466561595},
  url = {http://www.crcpress.com/product/isbn/9781466561595},
}

@InProceedings{R.methodsS32003,
  author = {Henrik Bengtsson},
  title = {The {R.oo} package - Object-Oriented Programming with References Using Standard {R} Code},
  booktitle = {Proceedings of the 3rd International Workshop on Distributed Statistical Computing (DSC 2003)},
  year = {2003},
  editor = {Kurt Hornik and Friedrich Leisch and Achim Zeileis},
  address = {Vienna, Austria},
  month = {March},
  issn = {1609-395X},
  url = {https://www.r-project.org/conferences/DSC-2003/Proceedings/Bengtsson.pdf},
  howpublished = {https://www.r-project.org/conferences/DSC-2003/Proceedings/},
}

@InProceedings{R.oo2003,
  author = {Henrik Bengtsson},
  title = {The {R.oo} package - Object-Oriented Programming with References Using Standard {R} Code},
  booktitle = {Proceedings of the 3rd International Workshop on Distributed Statistical Computing (DSC 2003)},
  year = {2003},
  editor = {Kurt Hornik and Friedrich Leisch and Achim Zeileis},
  address = {Vienna, Austria},
  month = {March},
  issn = {1609-395X},
  url = {https://www.r-project.org/conferences/DSC-2003/Proceedings/Bengtsson.pdf},
  howpublished = {https://www.r-project.org/conferences/DSC-2003/Proceedings/},
}

@Book{rmarkdown2018,
  title = {R Markdown: The Definitive Guide},
  author = {Yihui Xie and J.J. Allaire and Garrett Grolemund},
  publisher = {Chapman and Hall/CRC},
  address = {Boca Raton, Florida},
  year = {2018},
  note = {ISBN 9781138359338},
  url = {https://bookdown.org/yihui/rmarkdown},
}

@Book{rmarkdown2020,
  title = {R Markdown Cookbook},
  author = {Yihui Xie and Christophe Dervieux and Emily Riederer},
  publisher = {Chapman and Hall/CRC},
  address = {Boca Raton, Florida},
  year = {2020},
  note = {ISBN 9780367563837},
  url = {https://bookdown.org/yihui/rmarkdown-cookbook},
}

@Article{sf2018,
  author = {Edzer Pebesma},
  title = {{Simple Features for R: Standardized Support for Spatial Vector Data}},
  year = {2018},
  journal = {{The R Journal}},
  doi = {10.32614/RJ-2018-009},
  url = {https://doi.org/10.32614/RJ-2018-009},
  pages = {439--446},
  volume = {10},
  number = {1},
}

@Manual{tarchetypes2021,
  title = {tarchetypes: Archetypes for Targets},
  author = {William Michael Landau},
  year = {2021},
  note = {{https://docs.ropensci.org/tarchetypes/, https://github.com/ropensci/tarchetypes}},
}

@Article{targets2021,
  title = {The targets R package: a dynamic Make-like function-oriented pipeline toolkit for reproducibility and high-performance computing},
  author = {William Michael Landau},
  journal = {Journal of Open Source Software},
  year = {2021},
  volume = {6},
  number = {57},
  pages = {2959},
  url = {https://doi.org/10.21105/joss.02959},
}

@Article{tidyverse2019,
  title = {Welcome to the {tidyverse}},
  author = {Hadley Wickham and Mara Averick and Jennifer Bryan and Winston Chang and Lucy D'Agostino McGowan and Romain François and Garrett Grolemund and Alex Hayes and Lionel Henry and Jim Hester and Max Kuhn and Thomas Lin Pedersen and Evan Miller and Stephan Milton Bache and Kirill Müller and Jeroen Ooms and David Robinson and Dana Paige Seidel and Vitalie Spinu and Kohske Takahashi and Davis Vaughan and Claus Wilke and Kara Woo and Hiroaki Yutani},
  year = {2019},
  journal = {Journal of Open Source Software},
  volume = {4},
  number = {43},
  pages = {1686},
  doi = {10.21105/joss.01686},
}

