@online{beamdocs,
author = {{The BEAM Team}},
title = {{BEAM Documentation}},
url = {https://beam.readthedocs.io/en/latest/about.html},
urldate = {2021-11-11},
year = {2017}
}

@online{BEAMlbnl,
author = {{Energy Technologies Area, Berkeley Lab}},
title = {{BEAM - the Modeling Framework for Behavior, Energy, Autonomy, and Mobility}},
url = {https://beam.lbl.gov},
urldate = {2021-4-4}
}

@online{UGRCnetwork,
author = {{Utah Geospatial Resource Center}},
title = {Street Network Analysis},
url = {https://gis.utah.gov/data/transportation/street-network-analysis/#StreetNetwork},
urldate = {2021-11-11}
}

@online{WFRCnetwork,
author = {{Wasatch Front Regional Council}},
title = {Wasatch Front Travel Demand Model},
url = {https://wfrc.org/programs/models-forecasting},
urldate = {2021-11-11}
}

@online{SimuntoVIA,
author = {{Simunto GmbH}},
title = {VIA Features},
url = {https://www.simunto.com/via/},
urldate = {2022-10-04}
}
